@article{IPCC2021,
  author    = {Intergovernmental Panel on Climate Change},
  title     = {Climate Change 2021: The Physical Science Basis},
  journal   = {IPCC Reports},
  year      = {2021}
}

@article{Grant2025,
  author    = {Luke Grant and Inne Vandekerken and Lukas Gudmundsson and Erich Fischer and Sonia I. Seneviratne and Win Thiery},
  title     = {Global emergence of unprecedented lifetime exposure to climate extremes},
  journal   = {Nature},
  volume    = {641},
  pages     = {374--379},
  year      = {2025},
  doi       = {10.1038/s41586-025-08907-1}
}